<record><leader>00000cas a22000007a 4500</leader><controlfield tag="001">10060215</controlfield><controlfield tag="008">831026d18781878ohuwr ne      0    0eng d</controlfield><datafield ind1=" " ind2=" " tag="010"><subfield code="a">sn 83035575 </subfield></datafield><datafield ind1=" " ind2=" " tag="040"><subfield code="a">NPY</subfield><subfield code="b">eng</subfield><subfield code="c">NPY</subfield><subfield code="d">ONP</subfield><subfield code="d">OCLCQ</subfield></datafield><datafield ind1=" " ind2=" " tag="042"><subfield code="a">msc</subfield></datafield><datafield ind1="0" ind2="0" tag="245"><subfield code="a">Sunday voice and post.</subfield></datafield><datafield ind1="1" ind2="3" tag="246"><subfield code="a">Voice and post</subfield></datafield><datafield ind1=" " ind2=" " tag="260"><subfield code="a">Cleveland, Ohio :</subfield><subfield code="b">Voice and Post Pub. Co.,</subfield><subfield code="c">1878.</subfield></datafield><datafield ind1=" " ind2=" " tag="300"><subfield code="a">1 v. :</subfield><subfield code="b">ill. ;</subfield><subfield code="c">54-61 cm.</subfield></datafield><datafield ind1=" " ind2=" " tag="310"><subfield code="a">Weekly</subfield></datafield><datafield ind1="0" ind2=" " tag="362"><subfield code="a">Vol. 7, no. 348 (June 16, 1878)-v. 7, no. 368 (Nov. 3, 1878).</subfield></datafield><datafield ind1=" " ind2=" " tag="500"><subfield code="a">"Republican." Cf. Gutgesell, S. Guide to Ohio newspapers, 1974.</subfield></datafield><datafield ind1=" " ind2=" " tag="500"><subfield code="a">Continues numbering of: The Sunday morning voice.</subfield></datafield><datafield ind1=" " ind2=" " tag="752"><subfield code="a">United States</subfield><subfield code="b">Ohio</subfield><subfield code="c">Cuyahoga</subfield><subfield code="d">Cleveland.</subfield></datafield><datafield ind1="0" ind2="4" tag="780"><subfield code="t">Sunday morning voice</subfield><subfield code="w">(DLC)sn 83035573</subfield></datafield><datafield ind1="0" ind2="4" tag="780"><subfield code="t">Sunday post (Cleveland, Ohio : 1875)</subfield><subfield code="w">(DLC)sn 83035574</subfield></datafield><datafield ind1="0" ind2="0" tag="785"><subfield code="t">Cleveland voice (Cleveland, Ohio : 1878)</subfield><subfield code="w">(DLC)sn 83035576</subfield></datafield><datafield ind1="1" ind2=" " tag="029"><subfield code="a">AU@</subfield><subfield code="b">000025786001</subfield></datafield></record>